@article{aiyagari1994,
    author = {Aiyagari, S. Rao},
    title = {Uninsured Idiosyncratic Risk and Aggregate Saving},
    journal = {The Quarterly Journal of Economics},
    volume = {109},
    number = {3},
    pages = {659-684},
    year = {1994}
}

@article{carroll2006,
    author = {Carroll, Christopher D.},
    title = {The Method of Endogenous Gridpoints for Solving Dynamic Stochastic Optimization Problems},
    journal = {Economics Letters},
    volume = {91},
    number = {3},
    pages = {312-320},
    year = {2006}
}

@article{young2015,
    author = {Young, Peyton H.},
    title = {The Young Person's Guide to Approximate Dynamic Programming},
    journal = {Operations Research},
    volume = {63},
    number = {4},
    pages = {721-735},
    year = {2015}
}

@unpublished{GaudeckerEconProjectTemplates,
  author = {Hans-Martin von Gaudecker},
  note   = {\url{https://doi.org/10.5281/zenodo.2533241}},
  title  = {Templates for Reproducible Research Projects in Economics},
  year   = {2019}
}

@Unpublished{estimagic,
      Title  = {A Python Tool for the Estimation of large scale scientific models.},
      Author = {Janos Gabler},
      Year   = {2022},
      Url    = {https://github.com/OpenSourceEconomics/estimagic}
    }

@article{numpy,
  title={Array programming with NumPy},
  author={Harris, Charles R and Millman, K Jarrod and van der Walt, St{\'e}fan J and Gommers, Ralf and Virtanen, Pauli and Cournapeau, David and Wieser, Eric and Taylor, Julian and Berg, Sebastian and Smith, Nathaniel J and others},
  journal={Nature},
  volume={585},
  number={7825},
  pages={357--362},
  year={2020},
  publisher={Nature Publishing Group}
}
